<record><leader>00000cas a22000007a 4500</leader><controlfield tag="001">21927005</controlfield><controlfield tag="008">900627d18421849nyuwr ne      0    0eng d</controlfield><datafield ind1=" " ind2=" " tag="010"><subfield code="a">sn 90057171 </subfield></datafield><datafield ind1=" " ind2=" " tag="040"><subfield code="a">MFN</subfield><subfield code="b">eng</subfield><subfield code="c">MFN</subfield><subfield code="d">DLC</subfield><subfield code="d">NSD</subfield><subfield code="d">NYS</subfield><subfield code="d">RHN</subfield><subfield code="d">CNK</subfield><subfield code="d">HUL</subfield><subfield code="d">OCL</subfield><subfield code="d">KRTAS</subfield><subfield code="d">DLC</subfield><subfield code="d">OCLCF</subfield><subfield code="d">OCLCO</subfield></datafield><datafield ind1="1" ind2=" " tag="029"><subfield code="a">AU@</subfield><subfield code="b">000025868950</subfield></datafield><datafield ind1=" " ind2=" " tag="042"><subfield code="a">msc</subfield></datafield><datafield ind1=" " ind2=" " tag="043"><subfield code="a">n-us-ny</subfield></datafield><datafield ind1="0" ind2="0" tag="050"><subfield code="a">Newspaper</subfield></datafield><datafield ind1="0" ind2="0" tag="245"><subfield code="a">Freeman's journal and Catholic register.</subfield></datafield><datafield ind1="0" ind2="0" tag="246"><subfield code="a">New York freeman's journal</subfield></datafield><datafield ind1=" " ind2=" " tag="260"><subfield code="a">New York [N.Y. :</subfield><subfield code="b">s.n.]</subfield></datafield><datafield ind1=" " ind2=" " tag="300"><subfield code="a">v.</subfield></datafield><datafield ind1=" " ind2=" " tag="310"><subfield code="a">Weekly</subfield></datafield><datafield ind1="0" ind2=" " tag="362"><subfield code="a">Vol. 3, no. 24 (Dec. 10, 1842)-v. 9, no. 52 (June 30, 1849).</subfield></datafield><datafield ind1=" " ind2=" " tag="530"><subfield code="a">Also available on microfilm from Great Lakes Microfilm Co., Chicago, IL.</subfield></datafield><datafield ind1=" " ind2="0" tag="651"><subfield code="a">New York (N.Y.)</subfield><subfield code="v">Newspapers.</subfield></datafield><datafield ind1=" " ind2="7" tag="655"><subfield code="a">Newspapers.</subfield><subfield code="2">fast</subfield><subfield code="0">(OCoLC)fst01423814</subfield></datafield><datafield ind1=" " ind2="7" tag="651"><subfield code="a">New York (State)</subfield><subfield code="z">New York.</subfield><subfield code="2">fast</subfield><subfield code="0">(OCoLC)fst01204333</subfield></datafield><datafield ind1=" " ind2=" " tag="752"><subfield code="a">United States</subfield><subfield code="b">New York</subfield><subfield code="c">New York</subfield><subfield code="d">New York.</subfield></datafield><datafield ind1="0" ind2="0" tag="780"><subfield code="t">New York freeman's journal and Catholic register (New York, N.Y. : 1841)</subfield><subfield code="x">1052-7702</subfield><subfield code="w">(DLC)sn 83030453</subfield><subfield code="w">(OCoLC)1639585</subfield></datafield><datafield ind1="0" ind2="0" tag="785"><subfield code="t">New-York freeman's journal and Catholic register (New York, N.Y. : 1849)</subfield><subfield code="w">(DLC)sn 90057172</subfield><subfield code="w">(OCoLC)21927018</subfield></datafield><datafield ind1=" " ind2=" " tag="938"><subfield code="a">Kirtas Technologies, Inc.</subfield><subfield code="b">KRTS</subfield><subfield code="n">740399</subfield></datafield></record>